% Bibtex entry types
%
% article: any article published in a periodical like a journal article or magazine article
% book: a book
% booklet: like a book but without a designated publisher
% conference: a conference paper
% inbook: a section or chapter in a book
% incollection: an article in a collection
% inproceedings: a conference paper (same as the conference entry type)
% manual: a technical manual
% masterthesis: a Masters thesis
% misc: used if nothing else fits
% phdthesis: a PhD thesis
% proceedings: the whole conference proceedings
% techreport: a technical report, government report or white paper
% unpublished: a work that has not yet been officially published

% Field types
%
% address, annote, author, booktitle, chapter, edition, editor, howpublished, institution, journal, month, note, number, organization, pages, publisher, school, series, title, type, volume, year, doi, issn, isbn, url

@book{pde-introduction,
    author={Michael Renardy and Robert C. Rogers},
    year={2004},
    title={{An Introduction to Partial Differential Equations}},
    series={{Texts in Applied Mathematics}},
    number={13},
    edition={2},
    address={{New York}},
    publisher={Springer=Verlag}
}

@book{bengzon-larson-fem,
    author={Mats G. Larson and Fredrik Bengzon},
    year={2013},
    title={{The Finite Element Method: Theory, Implementation, and Applications}},
    series={{Texts in Computational Science and Engineering}},
    number={10},
    address={New York},
    publisher={Springer-Verlag}
}

@book{brenner-scott-fem,
    author={Susanne C. Brenner and L. Ridgway Scott},
    year={2008},
    title={{The Mathematical Theory of Finite Element Methods}},
    series={Texts in Applied Mathematics},
    number={15},
    address={{New York}},
    publisher={{Springer Science + Business Media}}
}

@article{e-toni,
    author={E. Toni},
    year={1984},
    title={{Variational formulation for every nonlinear problem}},
    journal={{International Journal of Engineering Science}},
    volume = {22},
    number={11/12},
    pages={1343-1371}
}

@misc{fenics-tutorial,
    author = {Jørgen S. Dokken},
    year={2022},
    title={{The FEniCSx} Tutorial}},
    howpublished={{\url{https://jsdokken.com/dolfinx-tutorial}}
}

@misc{grant-sanderson-jmm,
    author={Grant Sanderson},
    year={2023},
    title={{Math's pedagogical curse | Grant Sanderson JPBM Award Lecture, JMM 2023}},
    howpublished={\url{https://www.youtube.com/watch?v=UOuxo6SA8Uc}}
}

@article{j-singer,
    author={J. Singer},
    year={1962},
    title={{On Equivalence of the Galerkin and Reyleigh-Ritz Methods}},
    journal={{Journal of the Royal Aeronautical Society}},
    volume={66},
    number={621},
    pages={592}
 }

@article{turner-fem,
    author={M.J. Turner and R. W. Clough and H.C. Martin and L.J. Topp},
    year={1956},
    title={{Stiffness and Deflection Analysis of Complex Structures}},
    journal={{Journal of the Aeronautical Sciences}},
    volume={23},
    number={9}
 }

@techreport{osti_4589510,
    title = {{Lectures on mathematical foundations of the finite element method}},
    author = {I. Babuska and A.K. Aziz},
    howpublished = {\url{https://www.osti.gov/biblio/4589510}},
    address = {United States},
    year = {1972},
}

@article{w-ritz,
    author={W. Ritz},
    year={1908},
    title={{Über eine neue Methode zur Lösung gewisser Variationsprobleme der mathematischen Physik}},
    journal={{Journal für Reine und Angewandte Mathematik}},
    volume={135}
 }

@misc{polyfem,
    author={Geometric Computing Lab},
    year={2023},
    title={{PolyFEM}},
    howpublished={\url{https://polyfem.github.io}, {NYU Courant Institute of Mathematical Sciences and the University of Victoria, Canada}}
}

@misc{polyfem-json,
    author={Geometric Computing Lab},
    year={2023},
    title={{PolyFEM JSON Files Structure}},
    howpublished={\url{https://polyfem.github.io/json}, {NYU Courant Institute of Mathematical Sciences and the University of Victoria, Canada}},
}

@article{deal-ii,
  title     = {{The \texttt{deal.II} Library, Version 9.4}},
  author    = {Daniel Arndt and Wolfgang Bangerth and Marco Feder and
               Marc Fehling and Rene Gassm{\"o}ller and Timo Heister
               and Luca Heltai and Martin Kronbichler and
	       Matthias Maier and Peter Munch and Jean-Paul Pelteret
	       and Simon Sticko and Bruno Turcksin and David Wells},
  journal   = {Journal of Numerical Mathematics},
  doi       = {10.1515/jnma-2022-0054},
  year      = {2022},
  volume    = {30},
  number    = {3},
  pages     = {231-246},
  url       = {https://dealii.org/deal94-preprint.pdf}
}

@article{freefem,
    author = {Hecht, F.},
    title = {{New development in FreeFem++}},
    journal = {{Journal of Numerical Mathematics}},
    volume = {20},
    YEAR = {2012},
    number = {3-4}, 
    PAGES = {251-265},
    url = {https://freefem.org/}
}

@misc{fenics,
    author={FEniCS Project},
    year={2023},
    title={{FEniCSx}},
    howpublished={\url{https://fenicsproject.org/}},
}

@article{forehand2010bloom,
  title={Bloom’s taxonomy},
  author={Forehand, Mary},
  journal={Emerging perspectives on learning, teaching, and technology},
  volume={41},
  number={4},
  pages={47--56},
  year={2010}
}

@book{bloom-handbook-i,
    title={{Handbook 1: Cognitive Domain}},
    series={{Taxonomy of Educational Objectives - The Classification of Educational Goals}},
    author={{Benjamin S. Bloom (Ed.), Max D. Englehart, Edward J. Furst, Walker H. Hill, and David R. Krathwohl}},
    year={1956},
    place={{United States of America}},
    publisher={{David McKay Company, Inc.}}
}

@misc{bloom-picture,
    author={Growth Engineering},
    year={2022},
    title={{Bloom's Taxonomy : Master Your Learning Objectives}},
    howpublished={\url{https://www.growthengineering.co.uk/what-can-blooms-taxonomy-tell-us-about-online-learning/}},
}

@book{revised-blooms-taxonomy,
    title={{A Taxonomy for Learning, Teaching, and Assessing - Revision of Bloom's Taxonomy of Educational Objectives}},
    publisher={{Addison Wesley Longman, Inc.}},
    year={2001},
    author={Lorin W. Anderson and David R. Krathwohl and Peter W. Airasian and Kathleen A. Cruikshank and Richard E. Mayer and Paul R. Rintrich and James Raths and Merlin C. Wittrock},
    place={{United States of America}}
    
}

@techreport{e-learning-market,
    title={{E-Learning Market Size, Share, Growth Analysis Report By Learning Mode (Instructor-Led and Self-Paced), By Application (Government, Academic, and Corporate), By Delivery Mode (Learning Management Software, Packaged Content, and Others), By Function (Testing and Training), and By Region - Global and Regional Industry Insights, Overview, Comprehensive Analysis, Trends, Statistical Research, Market Intelligence, Historical Data and Forecast 2022 – 2030}},
    author = {Facts & Factors},
    howpublished = {\url{https://www.fnfresearch.com/e-learning-market}},
    address = {India},
    year = {2022},
}

@misc{markdown,
    title={{Daring Fireball | Markdown: Syntax | Philosophy}},
    author={John Gruber},
    year={2013},
    howpublished = {\url{https://daringfireball.net/projects/markdown/syntax#philosophy}}
}

@misc{mathjax,
    title={{MathJax}},
    author={Davide Cervone and Volker Sorge},
    year={2013},
    howpublished = {\url{https://www.mathjax.org/}}
}

@misc{times-higher-education,
    title = {{Top tips to improve the teaching of mathematics in universities}},
    author = {{Layal Hakim}},
    year={2022},
    howpublished={\url{https://www.timeshighereducation.com/campus/top-tips-improve-teaching-mathematics-universities}, Times Higher Education, University of Exeter}
}

@misc{dokken-docker,
    title={{DOLFINx Tutorial Docker Image}},
    author = {J. S. Dokken},
    year = {2023},
    howpublished = {\url{https://github.com/jorgensd/dolfinx-tutorial#docker-images}, GitHub}
}

@misc{binder,
    author={Jupyter et al.},
    title={{Binder 2.0 - Reproducible, Interactive, Sharable Environments for Science at Scale}},
    publisher={{Proceedings of the 17th Python in Science Conference}},
    year={2018},
    howpublished={\href{https://conference.scipy.org/proceedings/scipy2018/project_jupyter.html}{https://conference.scipy.org/proceedings/scipy2018/project\_jupyter}}
}

@misc{binder-dockerfile-guide,
    author={Jupyter et al.},
    title={{Binder User Guide | Use a Dockerfile for your Binder repository}},
    year={2022},
    howpublished={\url{https://mybinder.readthedocs.io/en/latest/tutorials/dockerfile.html#preparing-your-dockerfile}}
}

@misc{wolfram-mathworld,
    author={Wolfram},
    title={{Wolfram MathWorld}},
    howpublished={\url{https://mathworld.wolfram.com/}}
}

@misc{aabb-tree,
    author={James},
    title={{Introductory Guide to AABB Tree Collision Detection}},
    date={2017},
    howpublished={\url{https://www.azurefromthetrenches.com/introductory-guide-to-aabb-tree-collision-detection/}, Azure From The Trenches}
}

@book{langtangen-logg,
    author={Hans Petter Langtangen and Anders Logg},
    title={{Solving PDEs in Python: The FEniCS Tutorial I}},
    publisher={{Springer International Publishing}},
    place={Cham},
    year={2016}
}

@conference{Kluyver2016jupyter,
Title = {Jupyter Notebooks -- a publishing format for reproducible computational workflows},
Author = {Thomas Kluyver and Benjamin Ragan-Kelley and Fernando P{\'e}rez and Brian Granger and Matthias Bussonnier and Jonathan Frederic and Kyle Kelley and Jessica Hamrick and Jason Grout and Sylvain Corlay and Paul Ivanov and Dami{\'a}n Avila and Safia Abdalla and Carol Willing},
Booktitle = {Positioning and Power in Academic Publishing: Players, Agents and Agendas},
Editor = {F. Loizides and B. Schmidt},
Organization = {IOS Press},
Pages = {87 - 90},
Year = {2016}
}