% Bibtex entry types
%
% article: any article published in a periodical like a journal article or magazine article
% book: a book
% booklet: like a book but without a designated publisher
% conference: a conference paper
% inbook: a section or chapter in a book
% incollection: an article in a collection
% inproceedings: a conference paper (same as the conference entry type)
% manual: a technical manual
% masterthesis: a Masters thesis
% misc: used if nothing else fits
% phdthesis: a PhD thesis
% proceedings: the whole conference proceedings
% techreport: a technical report, government report or white paper
% unpublished: a work that has not yet been officially published

% Field types
%
% address, annote, author, booktitle, chapter, edition, editor, howpublished, institution, journal, month, note, number, organization, pages, publisher, school, series, title, type, volume, year, doi, issn, isbn, url

@book{pde-introduction,
    author={Michael Renardy and Robert C. Rogers},
    year={2004},
    title={{An Introduction to Partial Differential Equations}},
    series={{Texts in Applied Mathematics}},
    number={13},
    edition={2},
    address={{New York}},
    publisher={Springer=Verlag}
}

@book{bengzon-larson-fem,
    author={Mats G. Larson and Fredrik Bengzon},
    year={2013},
    title={{The Finite Element Method: Theory, Implementation, and Applications}},
    series={{Texts in Computational Science and Engineering}},
    number={10},
    address={New York},
    publisher={Springer-Verlag}
}

@book{brenner-scott-fem,
    author={Susanne C. Brenner and L. Ridgway Scott},
    year={2008},
    title={{The Mathematical Theory of Finite Element Methods}},
    series={Texts in Applied Mathematics},
    number={15},
    address={{New York}},
    publisher={{Springer Science + Business Media}}
}

@article{e-toni,
    author={E. Toni},
    year={1984},
    title={{Variational formulation for every nonlinear problem}},
    journal={{International Journal of Engineering Science}},
    volume = {22},
    number={11/12},
    pages={1343-1371}
}

@misc{fenics-tutorial,
    author = {JÃ¸rgen S. Dokken},
    year={2022},
    title={{The FEniCSx} Tutorial}},
    howpublished={{\url{https://jsdokken.com/dolfinx-tutorial}}
}

@misc{grant-sanderson-jmm,
    author={Grant Sanderson},
    year={2023},
    title={{Math's pedagogical curse | Grant Sanderson JPBM Award Lecture, JMM 2023}},
    howpublished={\url{https://www.youtube.com/watch?v=UOuxo6SA8Uc}}
}